@phdthesis{abbott:thesis,
   author           = {Michael Abbott},
   title            = {Categories of Containers},
   school           = {University of Leicester},
   year             = 2003}
   
@Article{alti:2005,
   author           = {Michael Abott and Thorsten Altenkirch and Neil Ghani},
   title            = {Containers: Constructing Strictly Positive Types},
   journal          = {Theoretical Computer Science},
   year             = 2005,
   volume           = 342,
   pages            = {3--27},
   note             = {Applied Semantics: Selected Topics}}

@INPROCEEDINGS{Norell:dependentlytyped,
   author           = {Norell, Ulf},
   title            = {Dependently typed programming in Agda},
   booktitle        = {In Lecture Notes from the Summer School in Advanced Functional Programming},
   year             = 2008}

@InCollection{alti:2007,
   author           = {Thorsten Altenkirch and Conor Mcbride and Peter Morris},
   title            = {Generic Programming with Dependent Types},
   booktitle        = {Spring School on Datatype-Generic Programming},
   OPTpages         = {},
   publisher        = {Springer-Verlag},
   year             = 2007,
   editor           = {Roland Backhouse and Jeremy Gibbons and Ralf Hinze and Johan Jeuring},
   volume           = 4719,
   series           = {LNCS}}
