@book{frege:1879, 
   author           = {Frege, Gottlob}, 
   title            = {Begriffsschrift, eine der arithmetischen nachgebildete Formelsprache des reinenDenkens},
   publisher        = {Halle},
   year             = {1879},
   note             = {Traducción al inglés en \cite{vHe:1867}}}

@book{vHe:1867,
   author           = {J. van Heijenoort},
   title            = {From Frege to Gödel},
   publisher        = {Harvard University Press},
   year             = {1967}}

@book{PM:10,
   author           = {Whitehead, Alfred North and Russell, Bertrand Arthur William},
   title            = {Principia Mathematica},
   publisher        = {Cambridge University Press},
   year             = {1910--1913},
   edition          = {First},
   note             = {Three volumes.}}

@book{PM:25,
   author           = {Whitehead, Alfred North and Russell, Bertrand Arthur William},
   title            = {Principia Mathematica},
   publisher        = {Cambridge University Press},
   year             = {1925--1927},
   edition          = {Second},
   note             = {Three volumes.}}

@article{turing:1936,
   annote           = {Turing's famous demonstration of the formal limits on computation based on a proof that the {\em halting problem} is undecidable.},
   author           = {Turing, Alan M.},
   journal          = {Proceedings of the London Mathematical Society},
   number           = 42,
   pages            = {230--265},
   title            = {On Computable Numbers, with an Application to the {E}ntscheidungsproblem},
   volume           = 2,
   year             = 1936}

@article{church:1936,
   title            = {An unsolvable problem of elementary number theory},
   author           = {Church, Alonzo},
   journal          = {American journal of mathematics},
   volume           = 58,
   number           = 2,
   pages            = {345--363},
   year             = 1936}

@article{church:types,
   author           = {Church, Alonzo},
   journal          = {Jurnal of Symbolic Logic},
   month            = {June},
   number           = 2,
   pages            = {56--68},
   title            = {A Formulation of the Simple Theory of Types},
   volume           = 5,
   year             = 1940}

@misc{godel:1931,
   author           = {Godel, Kurt},
   title            = {On formally undecidable propositions of Principia Mathematica and related systems},
   year             = 1931}

@book{hilbert:1928,
   author           = {Hilbert, David and Ackermann, Wilhelm},
   title            = {Grundz{\"u}ge der theoretischen {L}ogik},
   publisher        = {Springer-Verlag},
   year             = 1928}

@article{gentzen:untls,
   author           = {Gentzen, Gerhard},
   title            = {Untersuchungen {\"u}ber das {L}ogische {S}chliessen},
   journal          = {Mathematische Zeitschrift},
   volume           = 39,
   year             = 1935,
   pages            = {176--210 and 405--431},
   note             = {English translation in \cite{gentzen:colpgg}, pages 68--131.}}


@book{gentzen:colpgg,
   author           = {Gentzen, Gerhard},
   title            = {The Collected Papers of {G}erhard {G}entzen},
   publisher        = {North-Holland},
   series           = {Studies in Logic and the Foundations of Mathematics},
   year             = 1969,
   note             = {Edited by M. E. Szabo}}


@article{kleenerosser,
   author           = {S. C. Kleene and J. B. Rosser},
   title            = {The inconsistency of certain formal logics},
   journal          = {The Annals of Mathematics, Second Series},
   year             = 1935,
   volume           = 36,
   pages            = {630--636},
   url              = {http://www.jstor.org/stable/1968646}}


@article {maclane,
   title            = {General theory of natural equivalences.},
   journal          = {Trans. Am. Math. Soc.},
   volume           = 58,
   year             = 1945,
   pages            = {231--294},
   keywords         = {set theory},
   doi              = {10.2307/1990284},
   author           = {Eilenberg, Samuel and Mac Lane, Saunders}}


@incollection{howard,
   author           = {Howard, William},
   title            = {The formulae-as-types notion of construction},
   pages            = {479--490},
   crossref         = {CurryHB:hbcecl}}

@proceedings{CurryHB:hbcecl,
   title            = {To H.B. Curry: Essays on Combinatory Logic, Lambda Calculus and Formalism},
   editor           = {Curry, Haskell and Seldin, Jonathan and Hindley, Roger},
   booktitle        = {To H.B. Curry: Essays on Combinatory Logic, Lambda Calculus and Formalism},
   publisher        = {Academic Press},
   year             = 1980,
   isbn             = 0123490502}

@book{curryfeys,
   author           = {Curry, Haskell and Feys, Robert},
   title            = {Combinatory Logic {I}},
   publisher        = {North-Holland},
   series           = {Studies in Logic and the Foundations of Mathematics},
   year	            = 1958,
   note             = {Volume II, with Jonathan Seldin, 1972}}


@phdthesis{girard:thesis,
   title            = {Interpr{\'e}tation fonctionnelle et {\'e}limination des coupures de l'arithm{\'e}tique d'ordre sup{\'e}rieur},
   author           = {Girard, Jean-Yves},
   school           = {Université Paris VII},
   year             = 1972}


@book{lambek:1986,
   author           = {Lambek, Joachim and Scott, Philip},
   title            = {Introduction to Higher Order Categorical Logic},
   publisher        = {Cambridge University Press},
   series           = {Cambridge Studies in Advanced Mathematics},
   number           = 7,
   year             = 1986,
   isbn             = 0521246652}

@Inbook{lambek:1972,
   author           = {Lambek, Joachim},
   editor           = {Lawvere, F. W.},
   title            = {Deductive systems and categories III. Cartesian closed categories, intuitionist propositional calculus, and combinatory logic},
   bookTitle        = {Toposes, Algebraic Geometry and Logic: Dalhousie University, Halifax, January 16--19, 1971},
   year             = 1972,
   publisher        = {Springer Berlin Heidelberg},
   pages            = {57--82},
   isbn             = {978-3-540-37609-5},
   doi              = {10.1007/BFb0073965},
   url              = {http://dx.doi.org/10.1007/BFb0073965}}

@article{wadler:2015,
 author             = {Wadler, Philip},
 title              = {Propositions As Types},
 journal            = {Commun. ACM},
 issue_date         = {December 2015},
 volume             = 58,
 number             = 12,
 month              = nov,
 year               = 2015,
 issn               = {0001-0782},
 pages              = {75--84},
 numpages           = 10,
 url                = {http://doi.acm.org/10.1145/2699407},
 doi                = {10.1145/2699407},
 acmid              = 2699407,
 publisher          = {ACM},
 address            = {New York, NY, USA},
} 